@inproceedings{Lightbody:2017:VHV:3019612.3019709,
     author = {Lightbody, Peter and Krajn\'{\i}k, Tom\'{a}\v{s} and Hanheide, Marc},
     title = {A Versatile High-performance Visual Fiducial Marker Detection System with Scalable Identity Encoding},
     booktitle = {Proceedings of the Symposium on Applied Computing},
     series = {SAC '17},
     year = {2017},
     isbn = {978-1-4503-4486-9},
     location = {Marrakech, Morocco},
     pages = {276--282},
     numpages = {7},
     url = {http://doi.acm.org/10.1145/3019612.3019709},
     doi = {10.1145/3019612.3019709},
     acmid = {3019709},
     publisher = {ACM},
     address = {New York, NY, USA},
     keywords = {computer vision, fiducial markers, swarm robotics},
} 



@inproceedings{monocular_pose_estimation, author={G. {Zhenglong} and F. {Qiang} and Q. {Quan}}, booktitle={2018 37th Chinese Control Conference (CCC)}, title={Pose Estimation for Multicopters Based on Monocular Vision and AprilTag}, year={2018}, volume={}, number={}, pages={4717-4722},}

@inproceedings{Fiala:2005:AFM:1068508.1069138,
     author = {Fiala, Mark and Fiala, Mark},
     title = {{ARTag}, a Fiducial Marker System Using Digital Techniques},
     booktitle = {Proceedings of the 2005 IEEE Computer Society Conference on Computer Vision and Pattern Recognition (CVPR'05) - Volume 2 - Volume 02},
     series = {CVPR '05},
     year = {2005},
     isbn = {0-7695-2372-2},
     pages = {590--596},
     numpages = {7},
     url = {https://doi.org/10.1109/CVPR.2005.74},
     doi = {10.1109/CVPR.2005.74},
     acmid = {1069138},
     publisher = {IEEE Computer Society},
     address = {Washington, DC, USA},
} 

@INPROCEEDINGS{apriltag_paper, author={E. {Olson}}, booktitle={2011 IEEE International Conference on Robotics and Automation}, title={AprilTag: A robust and flexible visual fiducial system}, year={2011}, volume={}, number={}, pages={3400-3407},}

@inproceedings{whycon_paper,
	Author = {Nitsche, Matias and Krajník, Tomáš and Čížek, Petr and Mejail, Marta and Duckett, Tom},
	Booktitle = {IROS Workshop on Open Source Aerial Robotics},
	Title = {WhyCon: An Efficent, Marker-based Localization System},
	Year = {2015}
}

@inproceedings{whycode_paper,
    author = {Lightbody, Peter and Krajn\'{\i}k, Tom\'{a}\v{s} and Hanheide, Marc},
    title = {A Versatile High-performance Visual Fiducial Marker Detection System with Scalable Identity Encoding},
    booktitle = {Proceedings of the Symposium on Applied Computing},
    series = {SAC '17},
    year = {2017},
    isbn = {978-1-4503-4486-9},
    location = {Marrakech, Morocco},
    pages = {276--282},
    numpages = {7},
    url = {http://doi.acm.org/10.1145/3019612.3019709},
    doi = {10.1145/3019612.3019709},
    acmid = {3019709},
    publisher = {ACM},
    address = {New York, NY, USA},
    keywords = {computer vision, fiducial markers, swarm robotics},
} 

@phdthesis{apriltag_whycon_comparison,
    author = {Irmisch, Patrick},
    year = {2017},
    month = {12},
    pages = {},
    title = {Camera-based distance estimation for autonomous vehicles},
    school = {Technische Universit{\"a}t Berlin}
}

@INPROCEEDINGS{visual_servoing,
author={D. {Lee} and T. {Ryan} and H. J. {Kim}},
booktitle={2012 IEEE International Conference on Robotics and Automation},
title={Autonomous landing of a {VTOL} {UAV} on a moving platform using image-based visual servoing},
year={2012},
volume={},
number={},
pages={971-976},
keywords={adaptive control;aircraft landing guidance;autonomous aerial vehicles;mobile robots;robot vision;telerobotics;variable structure systems;visual servoing;autonomous landing;VTOL UAV;moving platform;image based visual servoing;vision based algorithm;vertical takeoff and landing unmanned aerial vehicle;IBVS;two-dimensional image space;velocity reference command;adaptive sliding mode controller;sliding mode controller;adaptive rule;Cameras;Target tracking;Visual servoing;Image reconstruction;Vectors;Aerospace electronics;Aerodynamics},
doi={10.1109/ICRA.2012.6224828},
ISSN={1050-4729},
month={May},}

@article{high_velocity_landing,
author = {Borowczyk, Alexandre and Tien, Nguyen and Nguyen, Andre and Nguyen, Dang and Saussie, David and Le Ny, Jerome},
year = {2016},
month = {11},
pages = {},
title = {Autonomous Landing of a Multirotor Micro Air Vehicle on a High Velocity Ground Vehicle},
journal = {IFAC-PapersOnLine}
}

@INPROCEEDINGS{drq_landing,
author={R. {Polvara} and M. {Patacchiola} and S. {Sharma} and J. {Wan} and A. {Manning} and R. {Sutton} and A. {Cangelosi}},
booktitle={2018 International Conference on Unmanned Aircraft Systems (ICUAS)},
title={Toward End-to-End Control for {UAV} Autonomous Landing via Deep Reinforcement Learning},
year={2018},
volume={},
number={},
pages={115-123},
keywords={autonomous aerial vehicles;cameras;learning (artificial intelligence);mobile robots;optimal control;sensor fusion;UAV autonomous landing;deep reinforcement learning;unmanned aerial vehicle;open problem;hand-crafted geometric features;sensor-data fusion;fiducial marker;low-resolution images;Deep Q-Networks;high-end control policy;optimal control policy;double DQN;buffer replay;Cameras;Sensors;Drones;Kernel;Task analysis;Global Positioning System},
doi={10.1109/ICUAS.2018.8453449},
ISSN={2575-7296},
month={June},}

@article{pid_design,
author = {Paz, Robert},
year = {2001},
month = {June},
pages = {},
title = {The Design of the {PID} Controller},
journal = {Klipsch School of Electrical and Computer Engineering}
}

@article{pid_control,
author = {Åström, K.J. and Albertos, P. and Quevedo, Joseba},
year = {2001},
month = {11},
pages = {1159–1161},
title = {{PID} control},
volume = {9},
journal = {Control Engineering Practice},
doi = {10.1016/S0967-0661(01)00061-2}
}

 @article{ardupilot_pid, title={Copter Attitude Control}, url={https://ardupilot.org/dev/docs/apmcopter-programming-attitude-control-2.html}, journal={Copter Attitude Control - Dev documentation}}
 
 @book{quaternions_reference,
author = {Hanson, Andrew J.},
title = {Visualizing Quaternions},
year = {2006},
isbn = {9780080474779},
publisher = {Morgan Kaufmann Publishers Inc.},
address = {San Francisco, CA, USA}
}

 @misc{ros_camera_calibration, title={Calibrating a Monocular Camera with ROS}, url={http://ros-developer.com/2017/04/23/camera-calibration-with-ros/}, journal={Robotics with ROS}, year={2019}, month={Apr}}
 
@article{accurate_landing_UAV_ground_pattern,
author = {Wubben, Jamie and Fabra, Francisco and Calafate, Carlos and Krzeszowski, Tomasz and Marquez-Barja, Johann and Cano, Juan-Carlos and Manzoni, Pietro},
year = {2019},
month = {12},
pages = {1532},
title = {Accurate Landing of Unmanned Aerial Vehicles Using Ground Pattern Recognition},
volume = {8},
doi = {10.3390/electronics8121532},
journal = {Electronics}
}

@inproceedings{vision_based_x_platform,
author = {Falanga, Davide and Zanchettin, Alessio and Simovic, Alessandro and Delmerico, Jeffrey and Scaramuzza, Davide},
year = {2017},
month = {10},
pages = {},
title = {Vision-based Autonomous Quadrotor Landing on a Moving Platform},
doi = {10.1109/SSRR.2017.8088164}
}

@inbook{drone_landing_unstructured_environments,
author = {Pluckter, Kevin and Scherer, Sebastian},
year = {2020},
month = {01},
pages = {177-187},
title = {Precision UAV Landing in Unstructured Environments},
isbn = {978-3-030-33949-4},
doi = {10.1007/978-3-030-33950-0_16}
}

@article{aruco_orig,
author = {Garrido-Jurado, Sergio and Muñoz-Salinas, Rafael and Madrid-Cuevas, Francisco and Marín-Jiménez, Manuel},
year = {2014},
month = {06},
pages = {2280–2292},
title = {Automatic generation and detection of highly reliable fiducial markers under occlusion},
volume = {47},
journal = {Pattern Recognition},
doi = {10.1016/j.patcog.2014.01.005}
}

@mastersthesis{wynn,
  title={Visual Servoing for Precision Shipboard Landing of an Autonomous Multirotor Aircraft System},
  author={Jesse S. Wynn},
  school={Brigham Young University},
  handle={http://hdl.lib.byu.edu/1877/etd10385},
  year={2018},
  month={9},
  day={1}
}

@online{pixhawk_website,
    author = {Lorenz Meier},
    title = {Pixhawk},
    url  = "https://pixhawk.org/",
    note = {(accessed: 2020.6.5)},
    keywords = {pixhawk, autopilot}
}

@online{navio2_website,
    author = {Emlid},
    title = {Navio2},
    url  = "https://emlid.com/navio/",
    note = {(accessed: 2020.6.5)},
    keywords = {pixhawk, autopilot}
}

@online{precision_land_website,
    author = {{ArduPilot Dev Team}},
    title = {Precision Landing and Loiter with IR-LOCK},
    url  = "https://ardupilot.org/copter/docs/precision-landing-with-irlock.html",
    note = {(accessed: 2020.6.5)},
    keywords = {pixhawk, autopilot}
}

@online{gazebo,
    title = {Gazebo: Robot simulation made easy.},
    url  = "http://gazebosim.org/",
    note = {(accessed: 2020.6.5)},
    keywords = {pixhawk, autopilot}
}

@online{ardupilot_gazebo_plugin,
    title = {Ardupilot Gazebo Plugin \& Models},
    url  = "https://github.com/SwiftGust/ardupilot\_gazebo",
    note = {(accessed: 2020.6.5)},
    keywords = {pixhawk, autopilot}
}

@online{ros,
    title = {{Robot Operating System (ROS})},
    url  = "https://www.ros.org/",
    note = {(accessed: 2020.6.5)},
    keywords = {pixhawk, autopilot}
}

@online{tf2,
    title = {Transform Library (TF2)},
    url  = "http://wiki.ros.org/tf2",
    note = {(accessed: 2020.6.5)},
    keywords = {pixhawk, autopilot}
}

@online{edited_ardupilot_gazebo,
    title = {Edited ArduPilot Gazebo Repository (Gazebo 9 branch)},
    url  = "https://github.com/uzgit/ardupilot_gazebo/tree/gazebo9",
    note = {(accessed: 2020.6.5)},
    keywords = {pixhawk, autopilot}
}

@online{qgroundcontrol,
    title = {QGroundControl: Intuitive and Powerful Ground Control Station for the MAVLink protocol.},
    url  = "http://qgroundcontrol.com/",
    note = {(accessed: 2020.6.5)},
    keywords = {pixhawk, autopilot}
}

@phdthesis{pitch_roll_yaw_dji_source,
author = {Demange, Jacques},
year = {2019},
month = {06},
pages = {},
title = {{Next-generation positioning for direct georeferencing of multispectral imagery from an Unmanned Aerial System (UAS): applications in Precision Agriculture}}
}